<?xml version="1.0" encoding="UTF-8"?>
<SOAP-ENV:Envelope xmlns:SOAP-ENV="http://schemas.xmlsoap.org/soap/envelope/" xmlns:of="http://oss.dbc.dk/ns/openformat" xmlns:ofo="http://oss.dbc.dk/ns/openformatoutput"><SOAP-ENV:Body><of:formatResponse><marc:record xmlns:marc="http://www.loc.gov/MARC21/slim"><leader>00000nam a22000000c 4500</leader><controlfield tag="001">870970:25581792</controlfield><controlfield tag="003">DKDLA</controlfield><controlfield tag="005">20111016154425.0</controlfield><controlfield tag="007">ta</controlfield><controlfield tag="008">050110s2004    dk |||||| ||| 00||fdan||</controlfield><datafield ind1="1" ind2=" " tag="100"><subfield code="a">Eken, Cecilie</subfield></datafield><datafield ind1=" " ind2="0" tag="245"><subfield code="a">Aksel Å mangler ord</subfield></datafield><datafield ind1=" " ind2=" " tag="250"><subfield code="a">1. udgave</subfield></datafield><datafield ind1=" " ind2=" " tag="260"><subfield code="b">L&amp;R Uddannelse,</subfield><subfield code="c">2004</subfield></datafield><datafield ind1=" " ind2=" " tag="300"><subfield code="a">22 sider</subfield></datafield><datafield ind1=" " ind2=" " tag="490"><subfield code="a">Vilde veje. bøger til selvlæsning : bøger til dansk ;</subfield><subfield code="v">3</subfield></datafield><datafield ind1="1" ind2=" " tag="700"><subfield code="a">Pardi, Charlotte</subfield></datafield></marc:record></of:formatResponse></SOAP-ENV:Body></SOAP-ENV:Envelope>
